@book{goetz2006java,
  title={Java concurrency in practice},
  author={G{\"o}etz, Brian and Peierls, Tim and Bloch, Joshua and Bowbeer, Joseph and Holmes, David and Lea, Doug},
  year={2006},
  publisher={Addison-Wesley}
}
@book{bloch2008effective,
  title={Effective Java (the Java series)},
  author={Bloch, Joshua},
  year={2008},
  publisher={Prentice Hall PTR}
}